@inproceedings{aggarwal2019augmented,
  title={Augmented Reality and its effect on our life},
  author={Aggarwal, Riya and Singhal, Abhishek},
  booktitle={2019 9th International Conference on Cloud Computing, Data Science \& Engineering (Confluence)},
  pages={510--515},
  year={2019},
  organization={IEEE}
}

@article{amin2015comparative,
  title={Comparative study of augmented reality SDKs},
  author={Amin, Dhiraj and Govilkar, Sharvari},
  journal={International Journal on Computational Science \& Applications},
  volume={5},
  number={1},
  pages={11--26},
  year={2015}
}

@article{siltanen2012theory,
  title={Theory and applications of marker-based augmented reality: Licentiate thesis},
  author={Siltanen, Sanni},
  year={2012}
}

@article{bostanci2013user,
  title={User tracking methods for augmented reality},
  author={Bostanci, Erkan and Kanwal, Nadia and Ehsan, Shoaib and Clark, Adrian F},
  journal={International Journal of Computer Theory and Engineering},
  volume={5},
  number={1},
  pages={93},
  year={2013},
  publisher={IACSIT Press}
}

@article{cukovic2015marker,
  title={Marker based vs. natural feature tracking augmented reality visualization of the 3D foot phantom},
  author={{\'C}ukovi{\'c}, Sa{\v{s}}a and Gattullo, Michele and Pankratz, Frieder and Deved{\v{z}}i{\'c}, Goran and Carrabba, Ernesto and Baizid, Khelifa},
  journal={no. January},
  year={2015}
}

@inproceedings{lima2009model,
  title={Model based 3d tracking techniques for markerless augmented reality},
  author={Lima, JPSM and Simoes, F and Figueiredo, L and Teichrieb, Veronica and Kelner, Judith and Santos, I},
  booktitle={XI symposium on virtual and augmented reality},
  pages={37--47},
  year={2009}
}